<?xml version="1.0" encoding="UTF-8"?>
<record xmlns="http://www.loc.gov/MARC21/slim">
   <leader>01138cam a2200277   4500</leader>
   <controlfield tag="001">381997</controlfield>
   <controlfield tag="003">NjP</controlfield>
   <controlfield tag="005">20171012075437.0</controlfield>
   <controlfield tag="008">870120m19599999iq ac        f00010 arar </controlfield>
   <datafield tag="024" ind1="7" ind2=" ">
      <subfield code="a">princeton_aco003712</subfield>
      <subfield code="2">local</subfield>
   </datafield>
   <datafield ind1=" " ind2=" " tag="010">
      <subfield code="a">ne 67001733 </subfield>
   </datafield>
   <datafield ind1=" " ind2=" " tag="035">
      <subfield code="a">(OCoLC)82908656</subfield>
   </datafield>
   <datafield ind1=" " ind2=" " tag="035">
      <subfield code="a">(CStRLIN)NJPG87-B3055</subfield>
   </datafield>
   <datafield ind1=" " ind2=" " tag="035">
      <subfield code="9">ABV7452TS</subfield>
   </datafield>
   <datafield ind1=" " ind2=" " tag="040">
      <subfield code="a">NjP</subfield>
      <subfield code="d">NjP</subfield>
   </datafield>
   <datafield ind1=" " ind2=" " tag="043">
      <subfield code="a">a-iq---</subfield>
   </datafield>
   <datafield ind1="1" ind2=" " tag="110">
      <subfield code="a">Iraq.</subfield>
      <subfield code="0">http://id.loc.gov/authorities/names/n79077342</subfield>
   </datafield>
   <datafield ind1="1" ind2="0" tag="240">
      <subfield code="a">Treaties, etc.</subfield>
   </datafield>
   <datafield ind1="0" ind2="0" tag="245">
      <subfield code="a">Nuṣūs al-ittifāqīyāt al-tijārīyah wa-al-iqtiṣādīyah al-maʻqūdah bayna al-Jumhūrīyah al-ʻIrāqīyah wa-al-duwal al-ukhrá wa-al-wathāʾiq wa-al-kutub al-mutabādalah al-mulḥaqah bi-hā.</subfield>
   </datafield>
   <datafield ind1=" " ind2=" " tag="260">
      <subfield code="a">Baghdād,</subfield>
      <subfield code="b">Wizārat al-Iqtiṣād,</subfield>
      <subfield code="c">[1959?]-</subfield>
   </datafield>
   <datafield ind1=" " ind2=" " tag="300">
      <subfield code="a">v. in</subfield>
      <subfield code="b">illus., ports.</subfield>
      <subfield code="c">25 cm.</subfield>
   </datafield>
   <datafield ind1=" " ind2="0" tag="651">
      <subfield code="a">Iraq</subfield>
      <subfield code="x">Commercial treaties.</subfield>
   </datafield>
   <datafield ind1=" " ind2="0" tag="650">
      <subfield code="a">Treaties</subfield>
      <subfield code="x">Collections.</subfield>
      <subfield code="0">http://id.loc.gov/authorities/subjects/sh85137209</subfield>
   </datafield>
   <datafield ind1="1" ind2=" " tag="710">
      <subfield code="a">Iraq.</subfield>
      <subfield code="b">Wizārat al-Iqtiṣād.</subfield>
   </datafield>
   <datafield ind1="0" ind2=" " tag="740">
      <subfield code="a">Nuṣūṣ al-ittifāqīyāt al-tijārīyah.</subfield>
   </datafield>
   <datafield ind1=" " ind2=" " tag="998">
      <subfield code="a">12/21/87</subfield>
      <subfield code="s">9124</subfield>
      <subfield code="n">NjP</subfield>
      <subfield code="w">NJPG87B3055</subfield>
      <subfield code="d">01/20/87</subfield>
      <subfield code="c">JCB</subfield>
      <subfield code="b">CS</subfield>
      <subfield code="i">871221</subfield>
      <subfield code="l">NJPG</subfield>
   </datafield>
   <datafield ind1=" " ind2=" " tag="911">
      <subfield code="a">19921028</subfield>
   </datafield>
   <datafield ind1=" " ind2=" " tag="912">
      <subfield code="a">19900827000000.0</subfield>
   </datafield>
   <datafield ind1="8" ind2="1" tag="852">
      <subfield code="0">417034</subfield>
      <subfield code="b">rcppa</subfield>
      <subfield code="t">1</subfield>
      <subfield code="h">KPA</subfield>
      <subfield code="i">.I726 1959</subfield>
      <subfield code="x">tr fr arab</subfield>
   </datafield>
   <datafield ind1=" " ind2="0" tag="866">
      <subfield code="0">417034</subfield>
      <subfield code="8">0</subfield>
      <subfield code="a">juzʾ 1-3</subfield>
   </datafield>
   <datafield ind1=" " ind2="0" tag="866">
      <subfield code="0">417034</subfield>
      <subfield code="8">0</subfield>
      <subfield code="x">ADD AS: juzʾ</subfield>
   </datafield>
   <datafield ind1=" " ind2=" " tag="959">
      <subfield code="a">2000-06-13 00:00:00 -0400</subfield>
   </datafield>
</record>
